@article{Kiessig_1931,
	author = {Kiessig, Heinz},
	title = {Interferenz von Röntgenstrahlen an dünnen Schichten},
	journal = {Annalen der Physik},
	volume = {402},
	number = {7},
	pages = {769-788},
	doi = {https://doi.org/10.1002/andp.19314020702},
	year = {1931},
}
@article{Parratt_1954,
	title = {Surface Studies of Solids by Total Reflection of X-Rays},
	author = {Parratt, L. G.},
	journal = {Phys. Rev.},
	volume = {95},
	issue = {2},
	pages = {359--369},
	year = {1954},
	month = {7},
	publisher = {American Physical Society},
	doi = {10.1103/PhysRev.95.359},
}
@book{Tolan_1999,
	title = {X-Ray Scattering from Soft-Matter Thin Films},
	author = {Metin Tolan},
	doi = {https://doi.org/10.1007/BFb0112834},
	publisher = {Springer Berlin, Heidelberg},
	isbn = {978-3-540-49525-3},
	year = {1999},
}
@book{Eichler_2018,
	title = {Lasers},
	subtitle = {Basics, Advances and Applications},
	author = {Eichler, Hans Joachim and Eichler, Jürgen and Lux, Oliver},
	doi = {https://doi.org/10.1007/978-3-319-99895-4},
	publisher = {Springer Cham},
	isbn = {978-3-319-99895-4},
	year = {2018},
}
@inbook{McMorrow_2011_1,
	publisher = {John Wiley \& Sons, Ltd},
	isbn = {9781119998365},
	title = {X-rays and their interaction with matter},
	booktitle = {Elements of Modern X‐ray Physics},
	chapter = {1},
	pages = {1-28},
	doi = {https://doi.org/10.1002/9781119998365.ch1},
	year = {2011},
	author = {Als-Nielsen, Jens and McMorrow, Des},
}
@inbook{McMorrow_2011_2,
	publisher = {John Wiley \& Sons, Ltd},
	isbn = {9781119998365},
	title = {Sources},
	booktitle = {Elements of Modern X‐ray Physics},
	chapter = {2},
	pages = {29-67},
	doi = {https://doi.org/10.1002/9781119998365.ch2},
	year = {2011},
	author = {Als-Nielsen, Jens and McMorrow, Des},
}
@inbook{McMorrow_2011_3,
	publisher = {John Wiley \& Sons, Ltd},
	isbn = {9781119998365},
	title = {Refraction and reflection from interfaces},
	booktitle = {Elements of Modern X‐ray Physics},
	chapter = {3},
	pages = {69-112},
	doi = {https://doi.org/10.1002/9781119998365.ch3},
	year = {2011},
	author = {Als-Nielsen, Jens and McMorrow, Des},
}
@inbook{Kolanoski_2007,
	author = {Hermann Kolanoski},
	booktitle = {Einführung in die Kern- und Elementarteilchenphysik},
	chapter = {3},
	title = {Experimentelle Methoden},
	pages = {45},
	publisher = {DESY},
	url = {https://www.zeuthen.desy.de/~kolanosk/ket0708/skript.html},
	year= {2007},

}
@inbook{Americium_2004,
	author = {Agency for Toxic Substances and Disease Registry},
	booktitle = {Toxicological Profile for Americium},
	chapter = {4},
	title = {Chemical, Physical, and Radiological Information},
	pages = {109},
	publisher = {United States Department of Health and Human Services},
	url = {https://www.atsdr.cdc.gov/ToxProfiles/tp156.pdf},
	year= {2004},
}
@inbook{Greenwood_1998,
	author = {Greenwood, N. N. and Earnshaw, A.},
	booktitle = {Chemistry of the Elements},
	chapter = {28},
	title = {Copper, Silver and Gold},
	pages = {1192},
	publisher = {Butterworth-Heinemann},
	isbn = {0750633654},
	year= {1998},
}
@inproceedings{Schreiber_2004,
	title={X-Ray and Neutron Reflectivity for the Investigation of Thin Films},
	author={Frank Schreiber and Alexander Gerlach},
	year={2004},
	url={https://api.semanticscholar.org/CorpusID:4117744},
}
@article{Tishchenko_2013,
	author = {Tishchenko, V. and Battu, S. and Carey, R. M. and Chitwood, D. B. and Crnkovic, J. and Debevec, P. T. and Dhamija, S. and Earle, W. and Gafarov, A. and Giovanetti, K. and Gorringe, T. P. and Gray, F. E. and Hartwig, Z. and Hertzog, D. W. and Johnson, B. and Kammel, P. and Kiburg, B. and Kizilgul, S. and Kunkle, J. and Lauss, B. and Logashenko, I. and Lynch, K. R. and McNabb, R. and Miller, J. P. and Mulhauser, F. and Onderwater, C. J. G. and Peng, Q. and Phillips, J. and Rath, S. and Roberts, B. L. and Webber, D. M. and Winter, P. and Wolfe, B.},
	eprint = {1211.0960},
	issn = {1550-2368},
	archivePrefix = {arXiv},
	primaryClass = {hep-ex},
	doi = {10.1103/PhysRevD.87.052003},
	journal = {Physical Review D},
	volume = {87},
	number = {5},
	month = {3},
	publisher = {American Physical Society (APS)},
	year = {2013}
}
