@manual{xray,
	organization = {TU Dortmund, Department of Physics},
	title = {V44, X-ray reflectrometry},
	year = 2024
}
@manual{rutherford,
	organization = {TU Dortmund, Fakult√§t Physik},
	title = {V18, Rutherford Streuexperiment},
	year = 2024
}
